<?xml version="1.0" encoding="UTF-8"?><collection xmlns="http://www.loc.gov/MARC21/slim"><record><leader>00396nam--2200133-i-4500</leader><controlfield tag="001">000047097</controlfield><controlfield tag="002">20161230</controlfield><controlfield tag="005">20161230201046</controlfield><controlfield tag="008">060222s1000------------r-----000-0-eng-d</controlfield><datafield ind1=" " ind2=" " tag="100"><subfield code="a">Wegrzyn, Stefan</subfield></datafield><datafield ind1=" " ind2=" " tag="245"><subfield code="a">Operatorenrechnung in er elektrotechnnik. deutscher text von w.paczesniowski</subfield></datafield><datafield ind1=" " ind2=" " tag="260"><subfield code="a">Berlin, Veb Verlag Technik, 1962, 300p</subfield></datafield><datafield ind1=" " ind2=" " tag="852"><subfield code="a">9031</subfield><subfield code="c">517.43</subfield></datafield><datafield ind1=" " ind2=" " tag="CAT"><subfield code="a">Sys</subfield><subfield code="c">20080722</subfield><subfield code="h">131142</subfield></datafield></record></collection>